Find what you need faster … 
Home is your new landing page and surfaces your most relevant files and folders

@BOOK{Smith:2023qr,
	title = {{B}ook {T}itle},
	publisher = {Publisher},
	author = {Smith, J.~M. and Jones, A.~B.},
	year = {2023},
	edition = {7th},
}

@ARTICLE{Smith:2024jd,
	author = {Jones, A.~B. and Smith, J.~M.},
	title = {{A}rticle {T}itle},
	journal = {Journal title},
	year = {2024},
	volume = {13},
	pages = {123-456},
	number = {52},
	month = {3},
	publisher = {Publisher},
	doi = {10.1038/s41586-021-03616-x},
}

@article{wombat2016,
	author   = {Walther Wombat and Klaus Koala},
	title    = {The true meaning of 42},
	journal  = {Journal of modern skepticism},
	date     = {2016},
	keywords = {trusted},
}

@book{lion2010,
	author       = {Laura Lion and  Gabrielle Giraffe and Carl Capybara},
	title        = {The dangers of asking the wrong question},
	publisher    = {publishing house},
	date         = {2010},
	keywords     = {trusted},
}

@online{wikibook,
	title        = {Generating Bibliographies with biblatex and biber},
	organization = {Wikibooks},
	date         = {2016},
	urldate      = {2016-03-07},
	url          = {https://en.wikibooks.org/wiki/LaTeX/Generating_Bibliographies_with_biblatex_and_biber},
	keywords     = {untrusted},
}

@online{ibmgetstarted,
	title        = {Get started with data science},
	organization = {IBM},
	date         = {2021-07-17},
	url          = {https://developer.ibm.com/learningpaths/get-started-data-science/},
}

@template{CSSulivan2022,
	title			= {Sullivan Business Report LaTeX Template Version 1},
	author			= {Vel},
	publisher		= {LaTeX Templates},
	url				= {https://www.latextemplates.com/template/sullivan-business-report},
	date			= {2022-05-05},
	organization	= {LaTeX Templates},
	email			= {vel@latextemplates.com},
}

@article{Bhattacharya2019,
	title			= {The Biological Taxonomy of Artificial Intelligence — A Crash Course},
	author			= {Mira Bhattacharya},
	publisher		= {Medium},
	url				= {https://medium.com/@mirabhattacharya/the-biological-taxonomy-of-artificial-intelligence-a-crash-course-3cc1a2d7ee3c},
	date			= {2019-10-08},
}

@misc{careerkarmaCodingSteps,
	author = {Leah Clark},
	title = {{H}ow to {G}et a {J}ob in {C}oding: 10 {S}teps to {S}ecuring {Y}our {F}irst {P}rogramming {J}ob --- careerkarma.com},
	howpublished = {\url{https://careerkarma.com/blog/how-to-get-a-job-in-coding/}},
	year = {},
	note = {[Accessed 03-12-2023]},
}