
@book{weis1998soulforge,
  title={The Soulforge},
  author={Weis, M.},
  isbn={9780786906451},
  lccn={97062277},
  series={Dragonlance Novel: Raistlin Chronicles},
  url={https://books.google.com/books?id=XM6-HAAACAAJ},
  year={1998},
  publisher={TSR},
  annote={}
}
@book{weis2011brothers,
  title={Brothers in Arms: The Raistlin Chronicles, Volume Two},
  author={Weis, M. and Perrin, D.},
  isbn={9780786961658},
  series={Raistlin Chronicles},
  url={https://books.google.com/books?id=ChoiMaySJlAC},
  year={2011},
  publisher={Wizards of the Coast Publishing},
  annote={}
}
@book{weis2011time,
  title={Time of the Twins: Legends, Volume One},
  author={Weis, M. and Hickman, T.},
  isbn={9780786954414},
  series={Dragonlance Legends},
  url={https://books.google.com/books?id=U5zBtYJDqTUC},
  year={2011},
  publisher={Wizards of the Coast Publishing}
}
@book{weis2001war,
  title={War of the Twins},
  author={Weis, M. and Hickman, T.},
  isbn={9780786918058},
  lccn={85052462},
  series={Dragonlance Novel: Dragonlance},
  url={https://books.google.com/books?id=C1P\_uQEACAAJ},
  year={2001},
  publisher={Wizards of the Coast}
}
@book{weis2011test,
  title={Test of the Twins: Legends, Volume Three},
  author={Weis, M. and Hickman, T.},
  isbn={9780786954438},
  series={Dragonlance Legends},
  url={https://books.google.com/books?id=tX8tICggb8AC},
  year={2011},
  publisher={Wizards of the Coast Publishing}
}
@book{weis1984dragons,
  title={Dragons of Autumn Twilight},
  author={Weis, M. and Hickman, T. and Williams, M.},
  isbn={9780880381734},
  lccn={84051122},
  series={Chronicles of blood and stone},
  url={https://books.google.com/books?id=D196iq5A61sC},
  year={1984},
  publisher={TSR}
}
@book{weis2010dragons,
  title={Dragons of Winter Night: Chronicles, Volume Two},
  author={Weis, M. and Hickman, T.},
  isbn={9780786954384},
  series={Dragonlance Chronicles},
  url={https://books.google.com/books?id=Z405wdhI\_RkC},
  year={2010},
  publisher={Wizards of the Coast Publishing}
}
@book{weis2003dragons,
  title={Dragons of Spring Dawning},
  author={Weis, M. and Hickman, T. and Williams, M.},
  isbn={9780786930708},
  lccn={2003100831},
  series={Chronicles (Wizards of the Coast, Inc.)},
  url={https://books.google.com/books?id=H4yYQQAACAAJ},
  year={2003},
  publisher={Wizards of the Coast}
}
@book{weis2002dragons,
  title={Dragons of Summer Flame},
  author={Weis, M. and Hickman, T.},
  isbn={9780786927302},
  series={DragonLance Chronicles},
  url={https://books.google.com/books?id=2mlEAAAACAAJ},
  year={2002},
  publisher={Wizards of the Coast}
}
@book{weis2001dragons,
  title={Dragons of a Fallen Sun},
  author={Weis, M. and Hickman, T.},
  isbn={9781417805921},
  series={Dragonlance Novel: The War of Souls},
  url={https://books.google.com/books?id=XYxZOAAACAAJ},
  year={2001},
  publisher={Topeka Bindery}
}
@book{weis2011dragons,
  title={Dragons of a Lost Star: War of Souls Trilogy, Volume Two},
  author={Weis, M. and Hickman, T.},
  isbn={9780786954490},
  series={The War of Souls},
  url={https://books.google.com/books?id=kxtXNuj1vcAC},
  year={2011},
  publisher={Wizards of the Coast Publishing}
}
@book{weis2002dragons,
  title={Dragons of a Vanished Moon},
  author={Weis, M. and Hickman, T.},
  isbn={9781404666320},
  lccn={2004596949},
  series={War of souls},
  url={https://books.google.com/books?id=dMvQxQEACAAJ},
  year={2002},
  publisher={Wizards of the Coast}
}
@book{watt2000dragon,
  title={Dragon Weather},
  author={Watt-Evans, L.},
  isbn={9781466840195},
  series={Obsidian Chronicles},
  url={https://books.google.com/books?id=wEleszc5byAC},
  year={2000},
  publisher={Tom Doherty Associates}
}
@book{watt2003dragon,
  title={The Dragon Society},
  author={Watt-Evans, L.},
  isbn={9781466840416},
  series={Obsidian Chronicles},
  url={https://books.google.com/books?id=0Jt6UX7G8e4C},
  year={2003},
  publisher={Tom Doherty Associates}
}
@book{watt2004dragon,
  title={Dragon Venom},
  author={Watt-Evans, L.},
  isbn={9780765341709},
  series={Obsidian Chronicles},
  url={https://books.google.com/books?id=rIN4y2mHnBEC},
  year={2004},
  publisher={Tom Doherty Associates}
}
@book{meyer2007twilight,
  title={Twilight},
  author={Meyer, S.},
  isbn={9780316007443},
  series={The Twilight Saga},
  url={https://books.google.com/books?id=ZfjzX7M8zt0C},
  year={2007},
  publisher={Little, Brown Books for Young Readers}
}
@book{meyer2007new,
  title={New Moon},
  author={Meyer, S.},
  isbn={9780316007726},
  series={The Twilight Saga},
  url={https://books.google.com/books?id=07LTDdpMZfYC},
  year={2007},
  publisher={Little, Brown Books for Young Readers}
}
@book{meyer2007eclipse,
  title={Eclipse},
  author={Meyer, S.},
  isbn={9780316008181},
  series={The Twilight Saga},
  url={https://books.google.com/books?id=lw99Oii9R90C},
  year={2007},
  publisher={Little, Brown Books for Young Readers}
}
@book{meyer2008breaking,
  title={Breaking Dawn},
  author={Meyer, S.},
  isbn={9780316032834},
  series={The Twilight Saga},
  url={https://books.google.com/books?id=kcsqGna7fBIC},
  year={2008},
  publisher={Little, Brown Books for Young Readers}
}
@book{meyer2010host,
  title={The Host: A Novel},
  author={Meyer, S.},
  isbn={9780316128650},
  url={https://books.google.com/books?id=50bgmKq-BQ0C},
  year={2010},
  publisher={Little, Brown}
}
@book{cleary2009training,
  title={Training the Samurai Mind: A Bushido Sourcebook},
  author={Cleary, T.},
  isbn={9780834823082},
  url={https://books.google.com/books?id=oq\_U8AogSB4C},
  year={2009},
  publisher={Shambhala}
}
@book{loewen2018lies,
  title={Lies My Teacher Told Me: Everything Your American History Textbook Got Wrong},
  author={Loewen, J.W.},
  isbn={9781620974551},
  url={https://books.google.com/books?id=gVZSDwAAQBAJ},
  year={2018},
  publisher={New Press}
}
@book{lavey2000devil,
  title={The Devil's Notebook},
  author={LaVey, A.S.},
  isbn={9781932595567},
  url={https://books.google.com/books?id=ME5jCwAAQBAJ},
  year={2000},
  publisher={Feral House}
}
@book{vey1998satan,
  title={Satan Speaks!},
  author={Vey, A.S.L.},
  isbn={9780922915668},
  lccn={99187310},
  url={https://books.google.com/books?id=79gXWkZNE5AC},
  year={1998},
  publisher={Feral House}
}
@book{lavey2011satanic,
  title={THE SATANIC BIBLE},
  author={LaVey, A.S.},
  url={https://books.google.com/books?id=W-08DwAAQBAJ},
  year={2011},
  publisher={Createspace Independent Pub}
}
@book{lavey2003satanic,
  title={The Satanic Witch},
  author={LaVey, A.S.},
  isbn={9781932595581},
  url={https://books.google.com/books?id=C05jCwAAQBAJ},
  year={2003},
  publisher={Feral House}
}
@book{vey1976satanic,
  title={Satanic Rituals},
  author={Vey, A.L.},
  isbn={9780380013920},
  lccn={73154234},
  url={https://books.google.com/books?id=R7FIgUNzHJEC},
  year={1976},
  publisher={HarperCollins}
}
@book{abbey2011monkey,
  title={The Monkey Wrench Gang},
  author={Abbey, E.},
  isbn={9780795317361},
  series={Edward Abbey Collection},
  url={https://books.google.com/books?id=UUQqAAAAQBAJ},
  year={2011},
  publisher={RosettaBooks}
}
@book{fry2002guide,
  title={Guide to International Relations and Diplomacy},
  author={Fry, M.G. and Goldstein, E. and Langhorne, R.},
  isbn={9781623566036},
  url={https://books.google.com/books?id=m6evAwAAQBAJ},
  year={2002},
  publisher={Bloomsbury Publishing}
}
@book{schelling1966arms,
  title={Arms and Influence},
  author={Schelling, T. and Schelling, T.C. and Harvard University. Center for International Affairs and Harvard University, Center for International Affairs},
  isbn={9780300002218},
  lccn={66015744},
  series={A Yale paperbound},
  url={https://books.google.com/books?id=nVPsJxRmkagC},
  year={1966},
  publisher={Yale University Press}
}
@book{kohler2002statistics,
  title={Statistics for Business and Economics},
  author={Kohler, H.},
  isbn={9780030339813},
  url={https://books.google.com/books?id=D1l0OwAACAAJ},
  year={2002},
  publisher={South-Western/Thomson Learning}
}
@book{jones2000organic,
  title={Organic Chemistry},
  author={Jones, M.},
  isbn={9780393989212},
  lccn={99052222},
  url={https://books.google.com/books?id=ZF7CQgAACAAJ},
  year={2000},
  publisher={Norton}
}
@book{harris2005end,
  title={The End of Faith: Religion, Terror, and the Future of Reason},
  author={Harris, S.},
  isbn={9780393066722},
  url={https://books.google.com/books?id=XP\_86itwp2IC},
  year={2005},
  publisher={W. W. Norton}
}
@book{bloom2013lucifer,
  title={The Lucifer Principle: A Scientific Expedition into the Forces of History},
  author={Bloom, H.},
  isbn={9780802192189},
  url={https://books.google.com/books?id=x4GKAgAAQBAJ},
  year={2013},
  publisher={Grove Atlantic}
}
@book{friedan2001feminine,
  title={The Feminine Mystique},
  author={Friedan, B. and Quindlen, A.},
  isbn={9780393322576},
  lccn={97008877},
  series={Norton paperback},
  url={https://books.google.com/books?id=FqdBk2vWvxIC},
  year={2001},
  publisher={W. W. Norton}
}
@book{coronato2008only,
  title={The Only Real Estate Investing Book You'll Ever Need: Identify the Opportunities Know the Risk Profit in Any Market},
  author={Coronato, T.E. and Coronato, H.},
  isbn={9781440514906},
  url={https://books.google.com/books?id=dPfsDQAAQBAJ},
  year={2008},
  publisher={Adams Media}
}
@book{buddhaghosa1975path,
  title={The Path of Purification: Visuddhirnagga},
  author={Buddhaghosa and NÌ„anamoli, B.},
  number={v. 1},
  url={https://books.google.com/books?id=fBb\_xQEACAAJ},
  year={1975},
  publisher={Buddhist Publication Society}
}
@book{kornfield2009path,
  title={A Path with Heart: A Guide Through the Perils and Promises of Spiritual Life},
  author={Kornfield, J.},
  isbn={9780307573735},
  url={https://books.google.com/books?id=DADATu5J\_2YC},
  year={2009},
  publisher={Random House Publishing Group}
}
@book{hanh1987miracle,
  title={The Miracle of Mindfulness: An Introduction to the Practice of Meditation},
  author={Hanh, T.N. and Vo-Dinh, M.},
  isbn={9780807012390},
  lccn={87042582},
  url={https://books.google.com/books?id=0RMJU5e-4YcC},
  year={1987},
  publisher={Beacon Press}
}
@book{card2009empire,
  title={Empire},
  author={Card, O.S.},
  number={v. 1},
  isbn={9781429966511},
  series={Empire},
  url={https://books.google.com/books?id=mntZLpleklcC},
  year={2009},
  publisher={Tom Doherty Associates}
}
@book{card2010hidden,
  title={Hidden Empire},
  author={Card, O.S.},
  isbn={9780765359711},
  series={Empire Series},
  url={https://books.google.com/books?id=BYytQiETV08C},
  year={2010},
  publisher={Tom Doherty Associates},
  annote={Card always writes well. Too much religion for my taste, though when I thought he was getting to political, he tended to subvert my expectations of the stance he was going to take. I like Torrent as a certain archetype of the master tactician.}
}

